@misc{eeg,
  author = {{Mayo Clinic Staff}},
  title = {EEG (electroencephalogram)},
  url = {https://www.mayoclinic.org/tests-procedures/eeg/about/pac-20393875},
  howpublished = {Mayo Clinic website},
  year = {2022},
  month = {5},
  day = {11},
  accessed = {2024-05-01}
}

@article{eegeyenet,
  author = {Kastrati, Ard and Płomecka, Martyna Beata and Pascual, Damián and Wolf, Lukas and Gillioz, Victor and Wattenhofer, Roger and Langer, Nicolas},
  title = {EEGEyeNet: a Simultaneous Electroencephalography and Eye-tracking Dataset and Benchmark for Eye Movement Prediction},
  journal = {NeurIPS Datasets and Benchmarks},
  year = {2021},
  doi = {10.48550/arXiv.2111.05100},
  accessed = {2024-05-01}
}

@misc{timeseriesdata,
  author = {{Stasko, John}},
  title = {Time Series Data},
  url = {https://faculty.cc.gatech.edu/~stasko/7450/13/Notes/time.pdf},
  howpublished = {GA Tech CS7450 Notes},
  year = {2013},
  month = {11},
  day = {25},
  accessed = {2024-05-01}
}

@misc{code,
  author = {{Kastrati, Ard}},
  title = {EEGEyeNet},
  url = {https://github.com/ardkastrati/EEGEyeNet},
  howpublished = {GitHub},
  year = {2021},
  month = {11},
  day = {02},
  accessed = {2024-05-01}
}

@article{electrode,
  author = {Kastrati, Ard and Płomecka, Martyna Beata and Küchler, Jöel and Wattenhofer, Roger and Langer, Nicolas},
  title = {Electrode Clustering and Bandpass Analysis of EEG Data for Gaze Estimation},
  journal = {Proceedings of Machine Learning Research},
  volume = {1},
  pages = {1-16},
  year = {2022},
  doi = {10.48550/arXiv.2302.12710},
  accessed = {2024-05-01}
}

@misc{meedencnn,
  author = {{Meeden, Lisa}},
  title = {Deep Learning},
  url = {https://www.cs.swarthmore.edu/swatonly/meeden/cs63/lecture_f22/w08b.pdf},
  howpublished = {PDF},
  year = {2022},
  month = {10},
  day = {26},
  accessed = {2024-05-01}
}

@misc{mitchellcnn,
  author = {{Mitchell, Ben}},
  title = {Convolutional Networks},
  url = {https://edstem.org/us/courses/51793/resources?download=34033},
  howpublished = {PDF},
  year = {2024},
  month = {03},
  day = {21},
  accessed = {2024-05-01}
}